@article{Shneiderman:1983,
  author={Shneiderman},
  year = {1983},
  title= {Direct manipulation: a step beyond programming languages},
  journal = {IEEE Comput},
  volume = {16},
  number = {3},
  pages= {57–-69}
}

@article{Gordon:2007,
  author={Gordon P,Sensen C},
  year = {2007},
  title= {Seahawk: moving beyond html in web-based bioinformatics analysis},
  journal = {BMC Bioinformatics},
  volume = {8},
  number = {3},
  pages= {208}
}

@article{Javahery:2004,
  author={Javahery,H. et al},
  year = {2004},
  title= {Beyond power: making bioinformatics tools user-centered},
  journal = {Commun. ACM},
  volume = {47},
  number = {3},
  pages= {47, 58–63}
}

@article{Kacsuk:2006,
  author={Kacsuk, Péter. Sipos, Gergely},
  year = {2006},
  title= {Multi-Grid, Multi-User Workflows in the P-GRADE Grid Portal},
  journal = {Springer}
}

@article{Bertrand:2009,
  author={Bertrand Néron, Hervé Ménager},
  year = {2009},
  title= {Mobyle: a new full web bioinformatics framework},
  journal = {Historia Mathematica},
  volume = {25},
  number = {22},
  pages= { 3005–3011}
}

@article{Thomas:2005,
  author={M, P, Thomas},
  year = {2005},
  title= {Grid portal architectures for scientific applications},
  journal = {Physics},
  volume = {16},
  number = {5},
  pages= {596–-600}
}

@article{Wiley:2006,
  author={ Wiley John},
  year = {2006},
  title= {Special Issue: Science Gateways— Common Community Interfaces to Grid Resources},
  journal = {Wiley InterScience}
}

@article{Thomas:2006,
  author={ M Thomas, C J Barker, J Boisseau},
  year = {2005},
  title= {Experiences on Building a Component-Based Grid Portal Toolkit.}
}

@article{WorkflowGrid:2006,
  author={Geoffrey Fox,Dennis Gannon},
  year = {2005},
  title= {Workflow in Grid Systems}
}

@article{Foster,
  author={Foster Ian , Zhao Yong},
  title= {Cloud Computing and Grid Computing 360-Degree Compared}
}

@misc{GridChem,
  author = {Ingo Lütkebohle},
  title = {{The GridChem Project}},
  howpublished = "\url{https://www.gridchem.org/}",
  year = {2008},
  note = "[Online; accessed 2014-12-06]"
}

@misc{QCD,
  author = {Ingo Lütkebohle},
  title = {{Lattice QCD Portal}},
  howpublished = "\url{http://lqcd.jlab.org/}",
  year = {2008},
  note = "[Online; accessed 2014-12-06]"
}

@misc{Fusion,
  author = {Fusion},
  title = {{Fusion Grid Collaboratory}},
  howpublished = "\url{http://www.fusiongrid.org}",
  year = {2008},
  note = "[Online; accessed  2014-12-06]"
}

@misc{Cactus,
  author = {Ingo Lütkebohle},
  title = {{Cactus Project}},
  howpublished = "\url{ http://www.cactuscode.org/}",
  year = {2008},
  note = "[Online; accessed 2014-12-06]"
}

@misc{BIRN,
  author = {Ingo Lütkebohle},
  title = {{Biomedical Informatics Research Network (BIRN)}},
  howpublished = "\url{http://www.nbirn.net/}",
  year = {2008},
  note = "[Online; accessed  2014-12-06]"
}


@misc{Tavera,
  author = {Tavera},
  title = {{Tavera workflow suite}},
  howpublished = "\url{http://www.taverna.org.uk/}",
  year = {2016},
  note = "[Online; accessed 2016-11-18]"
}

@misc{Gisela,
  author = {Gisela},
  title = {{Gisela grid LATAM}},
  howpublished = "\url{https://gisela-gw.ct.infn.it/science-gateways/}",
  year = {2008},
  note = "[Online; accessed 2014-12-10]"
}

@inproceedings{Segeren:2014:CSC:2661829.2661858,
 author = {Segeren, Joshua and Gairola, Dhruv and Chiang, Fei},
 title = {CONDOR: A System for CONstraint DiscOvery and Repair},
 booktitle = {Proceedings of the 23rd ACM International Conference on Conference on Information and Knowledge Management},
 series = {CIKM '14},
 year = {2014},
 isbn = {978-1-4503-2598-1},
 location = {Shanghai, China},
 pages = {2087--2089},
 numpages = {3},
 url = {http://doi.acm.org/10.1145/2661829.2661858},
 doi = {10.1145/2661829.2661858},
 acmid = {2661858},
 publisher = {ACM},
 address = {New York, NY, USA},
 keywords = {constraint repair, data cleaning, data quality, data repair},
}

@book{LeymanRoller,
   title =     {Production Workflow: Concepts and Techniques},
   author =    {Leymann and D. Roller},
   publisher = {Prentice Hall},
   isbn =      {},
   year =      {1999},
   series =    {},
   edition =   {1},
   volume =    {},
}

@book{wforescience:2007,
   title =     {Workflows for e-Science: Scientific Workflows for Grids},
   author =    {Dennis Gannon},
   publisher = {Springer-Verlag London},
   isbn =      {978-1-84628-519-6,978-1-84628-757-2},
   year =      {2007},
   series =    {},
   edition =   {1},
   volume =    {},
}

@book{qin2012scientific,
  title={Scientific Workflows: Programming, Optimization, and Synthesis with ASKALON and AWDL},
  author={Qin, Jun and Fahringer, Thomas},
  year={2012},
  publisher={Springer Science \& Business Media}
}

@article{Chandy:1985:DSD:214451.214456,
 author = {Chandy, K. Mani and Lamport, Leslie},
 title = {Distributed Snapshots: Determining Global States of Distributed Systems},
 journal = {ACM Trans. Comput. Syst.},
 issue_date = {Feb. 1985},
 volume = {3},
 number = {1},
 month = feb,
 year = {1985},
 issn = {0734-2071},
 pages = {63--75},
 numpages = {13},
 url = {http://doi.acm.org/10.1145/214451.214456},
 doi = {10.1145/214451.214456},
 acmid = {214456},
 publisher = {ACM},
 address = {New York, NY, USA},
}

@inproceedings{Needham:1979:SAC:800215.806573,
 author = {Needham, R. M.},
 title = {Systems Aspects of The Cambridge Ring},
 booktitle = {Proceedings of the Seventh ACM Symposium on Operating Systems Principles},
 series = {SOSP '79},
 year = {1979},
 isbn = {0-89791-009-5},
 location = {Pacific Grove, California, USA},
 pages = {82--85},
 numpages = {4},
 url = {http://doi.acm.org/10.1145/800215.806573},
 doi = {10.1145/800215.806573},
 acmid = {806573},
 publisher = {ACM},
 address = {New York, NY, USA},
}
@incollection{Tannenbaum:2001:CDJ:509876.509893,
 author = {Tannenbaum, Todd and Wright, Derek and Miller, Karen and Livny, Miron},
 chapter = {Condor: A Distributed Job Scheduler},
 title = {Beowulf Cluster Computing with Linux},
 year = {2002},
 isbn = {0-262-69274-0},
 pages = {307--350},
 numpages = {44},
 url = {http://dl.acm.org/citation.cfm?id=509876.509893},
 acmid = {509893},
 publisher = {MIT Press},
 address = {Cambridge, MA, USA},
}

@misc{OpenlavaArch,
  author = {Openlava},
  title = {{Openlava Architecture}},
  howpublished = "\url{http://www.openlava.org/documentation/guide/architecture.html#openlava-batch/}",
  year = {2016},
  note = "[Online; accessed 2016-11-18]"
}

@article{Stallman:1981:EEC:1159890.806466,
 author = {Stallman, Richard M.},
 title = {EMACS the Extensible, Customizable Self-documenting Display Editor},
 journal = {ACM SIGOA Newsletter},
 issue_date = {Spring/Summer 1981},
 volume = {2},
 number = {1-2},
 month = apr,
 year = {1981},
 issn = {0737-819X},
 pages = {147--156},
 numpages = {10},
 url = {http://doi.acm.org/10.1145/1159890.806466},
 doi = {10.1145/1159890.806466},
 acmid = {806466},
 publisher = {ACM},
 address = {New York, NY, USA},
}
@misc{LuaWhereUsed,
  author = {Lua},
  title = {{Where lua is used}},
  howpublished = "\url{https://sites.google.com/site/marbux/home/where-lua-is-used#Dj8w97RHixgjHdycMbhinw/}",
  year = {2016},
  note = "[Online; accessed 2016-11-18]"
}
@misc{LuaUses,
  author = {Lua},
  title = {{Lua uses}},
  howpublished = "\url{http://lua-users.org/wiki/LuaUses/}",
  year = {2016},
  note = "[Online; accessed 2016-11-18]"
}
@misc{Swagger,
  author = {Swagger},
  title = {{Swagger}},
  howpublished = "\url{http://swagger.io/}",
  year = {2016},
  note = "[Online; accessed 2016-11-18]"
}

@misc{explainshell,
  author = {explainshell},
  title = {{explainshell}},
  howpublished = "\url{https://github.com/idank/explainshell/}",
  year = {2016},
  note = "[Online; accessed 2016-11-18]"
}

@misc{digraph,
  author = {cjrd},
  title = {{Directed graph creator}},
  howpublished = "\url{https://github.com/cjrd/directed-graph-creator}",
  year = {2016},
  note = "[Online; accessed 2016-11-18]"
}

@misc{filemanager,
  author = {explainshell},
  title = {{Angular-Filemanager}},
  howpublished = "\url{https://github.com/joni2back/angular-filemanager/}",
  year = {2016},
  note = "[Online; accessed 2016-11-18]"
}


@misc{ClassAds,
  author = {ClassAds},
  title = {{ClassAds}},
  howpublished = "\url{http://www.aiai.ed.ac.uk/project/wfmc/ARCHIVE/DOCS/glossary/glossary.html/}",
  year = {2016},
  note = "[Online; accessed 2016-11-18]"
}

@misc{CondorAPI,
  author = {HTCondor},
  title = {{HTCondor Aplication Programming}},
  howpublished = "\url{http://research.cs.wisc.edu/htcondor/manual/v8.5/6_Application_Programming.html}",
  year = {2016},
  note = "[Online; accessed 2016-11-18]"
}

@techreport{SOAPBox:2000,
  added-at = {2009-04-02T11:07:42.000+0200},
  author = {Box, Don and Ehnebuske, David and Kakivaya, Gopal and Layman, Andrew and Mendelsohn, Noah and Nielsen, Henrik Frystyk and Thatte, Satish and Winer, Dave},
  biburl = {http://www.bibsonomy.org/bibtex/264a001838b505f10190b4ef61588e252/jeenbroekstra},
  institution = {World Wide Web Consortium},
  interhash = {90c2e942a1e7306220f19ae56f7cff2f},
  intrahash = {64a001838b505f10190b4ef61588e252},
  keywords = {2000 soap w3c webservice xml},
  month = May,
  note = {See \url{http://www.w3.org/TR/SOAP/}},
  timestamp = {2009-04-02T14:43:22.000+0200},
  title = {{Simple Object Access Protocol (SOAP) 1.1}},
  type = {W3C Note},
  year = 2000
}
